@article{softfloat,
	author    = {Giuseppe Tagliavini and
	Stefan Mach and
	Davide Rossi and
	Andrea Marongiu and
	Luca Benini},
	title     = {A Transprecision Floating-Point Platform for Ultra-Low Power Computing},
	journal   = {CoRR},
	volume    = {},
	year      = {2017},
	url       = {http://arxiv.org/abs/1711.10374},
	archivePrefix = {},
	eprint    = {},
	timestamp = {Mon, 04 Dec 2017 18:34:59 +0100},
	biburl    = {https://dblp.org/rec/bib/journals/corr/abs-1711-10374},
	bibsource = {dblp computer science bibliography, https://dblp.org}
}

@article{reducelam,
	author = {Michael O Lam and Jeffrey K Hollingsworth},
	title ={Fine-grained floating-point precision analysis},
	journal = {The International Journal of High Performance Computing Applications},
	pages = {1094342016652462},
	year = {2016},
	doi = {10.1177/1094342016652462},
}
@article{herbie,
	author = {Panchekha, Pavel and Sanchez-Stern, Alex and Wilcox, James R. and Tatlock, Zachary},
	title = {Automatically Improving Accuracy for Floating Point Expressions},
	journal = {SIGPLAN Not.},
	issue_date = {June 2015},
	volume = {50},
	number = {6},
	month = jun,
	year = {2015},
	issn = {0362-1340},
	pages = {1--11},
	numpages = {11},
	url = {http://doi.acm.org/10.1145/2813885.2737959},
	doi = {10.1145/2813885.2737959},
	acmid = {2737959},
	publisher = {ACM},
	address = {New York, NY, USA},
	keywords = {Floating point, numerical accuracy, program rewriting},
}

@inproceedings{mixpreclam,
	author = {Lam, Michael O. and Hollingsworth, Jeffrey K. and de Supinski, Bronis R. and Legendre, Matthew P.},
	title = {Automatically Adapting Programs for Mixed-precision Floating-point Computation},
	booktitle = {Proceedings of the 27th International ACM Conference on International Conference on Supercomputing},
	series = {ICS '13},
	year = {2013},
	isbn = {978-1-4503-2130-3},
	location = {Eugene, Oregon, USA},
	pages = {369--378},
	numpages = {10},
	url = {http://doi.acm.org/10.1145/2464996.2465018},
	doi = {10.1145/2464996.2465018},
	acmid = {2465018},
	publisher = {ACM},
	address = {New York, NY, USA},
	keywords = {binary instrumentation, floating-point, mixed precision},
}

@inproceedings{precimonious,
	author = {Rubio-Gonz\'{a}lez, Cindy and Nguyen, Cuong and Nguyen, Hong Diep and Demmel, James and Kahan, William and Sen, Koushik and Bailey, David H. and Iancu, Costin and Hough, David},
	title = {Precimonious: Tuning Assistant for Floating-point Precision},
	booktitle = {Proceedings of the International Conference on High Performance Computing, Networking, Storage and Analysis},
	series = {SC '13},
	year = {2013},
	isbn = {978-1-4503-2378-9},
	location = {Denver, Colorado},
	pages = {27:1--27:12},
	articleno = {27},
	numpages = {12},
	url = {http://doi.acm.org/10.1145/2503210.2503296},
	doi = {10.1145/2503210.2503296},
	acmid = {2503296},
	publisher = {ACM},
	address = {New York, NY, USA},
	keywords = {delta-debugging algorithm, dynamic program analysis, floating-point arithmetic, mixed precision, program optimization},
}
@inproceedings{blame,
	author = {Rubio-Gonz\'{a}lez, Cindy and Nguyen, Cuong and Mehne, Benjamin and Sen, Koushik and Demmel, James and Kahan, William and Iancu, Costin and Lavrijsen, Wim and Bailey, David H. and Hough, David},
	title = {Floating-point Precision Tuning Using Blame Analysis},
	booktitle = {Proceedings of the 38th International Conference on Software Engineering},
	series = {ICSE '16},
	year = {2016},
	isbn = {978-1-4503-3900-1},
	location = {Austin, Texas},
	pages = {1074--1085},
	numpages = {12},
	url = {http://doi.acm.org/10.1145/2884781.2884850},
	doi = {10.1145/2884781.2884850},
	acmid = {2884850},
	publisher = {ACM},
	address = {New York, NY, USA},
	keywords = {floating point, mixed precision, program optimization},
}

@article{MPFR,
	author = {Fousse, Laurent and Hanrot, Guillaume and Lef\`{e}vre, Vincent and P{\'e}lissier, Patrick and Zimmermann, Paul},
	title = {MPFR: A Multiple-precision Binary Floating-point Library with Correct Rounding},
	journal = {ACM Trans. Math. Softw.},
	issue_date = {June 2007},
	volume = {33},
	number = {2},
	month = jun,
	year = {2007},
	issn = {0098-3500},
	articleno = {13},
	url = {http://doi.acm.org/10.1145/1236463.1236468},
	doi = {10.1145/1236463.1236468},
	acmid = {1236468},
	publisher = {ACM},
	address = {New York, NY, USA},
	keywords = {IEEE 754 standard, Multiple-precision arithmetic, correct rounding, elementary function, floating-point arithmetic, portable software},
} 
@ARTICLE{perceptron,
	author = {F. Rosenblatt},
	title = {The Perceptron: A Probabilistic Model for Information Storage and Organization in The Brain},
	journal = {Psychological Review},
	year = {1958},
	pages = {65--386}
}
@inproceedings{deeplearning,
	author = {Gupta, Suyog and Agrawal, Ankur and Gopalakrishnan, Kailash and Narayanan, Pritish},
	title = {Deep Learning with Limited Numerical Precision},
	booktitle = {Proceedings of the 32Nd International Conference on International Conference on Machine Learning - Volume 37},
	series = {ICML'15},
	year = {2015},
	location = {Lille, France},
	pages = {1737--1746},
	numpages = {10},
	url = {http://dl.acm.org/citation.cfm?id=3045118.3045303},
	acmid = {3045303},
	publisher = {JMLR.org},
}
@inproceedings{gupta,
	author = {Gupta, Suyog and Agrawal, Ankur and Gopalakrishnan, Kailash and Narayanan, Pritish},
	title = {Deep Learning with Limited Numerical Precision},
	booktitle = {Proceedings of the 32nd International Conference on International Conference on Machine Learning - Volume 37},
	series = {ICML'15},
	year = {2015},
	location = {Lille, France},
	pages = {1737--1746},
	numpages = {10},
	url = {http://dl.acm.org/citation.cfm?id=3045118.3045303},
	acmid = {3045303},
}
@article{dorefa,
	title={DoReFa-Net: Training Low Bitwidth Convolutional Neural Networks with Low Bitwidth Gradients},
	author={Shuchang Zhou and Zekun Ni and Xinyu Zhou and He Wen and Yuxin Wu and Yuheng Zou},
	journal={CoRR},
	year={2016},
	url = {http://arxiv.org/abs/1606.06160},
	volume={abs/1606.06160}
}
@article{Hubara,
	author = {Hubara, Itay and Courbariaux, Matthieu and Soudry, Daniel and El-Yaniv, Ran and Bengio, Y},
	year = {2016},
	pages = {},
	url = {http://arxiv.org/abs/1609.07061},
	journal = {CoRR},	  
	title = {Quantized Neural Networks: Training Neural Networks with Low Precision Weights and Activations}
}
@article{WhatEvery,
	author = {Goldberg, David},
	title = {What Every Computer Scientist Should Know About Floating-point Arithmetic},
	journal = {ACM Comput. Surv.},
	issue_date = {March 1991},
	volume = {23},
	number = {1},
	month = mar,
	year = {1991},
	issn = {0360-0300},
	pages = {5--48},
	numpages = {44},
	url = {http://doi.acm.org/10.1145/103162.103163},
	doi = {10.1145/103162.103163},
	acmid = {103163},
	publisher = {ACM},
	address = {New York, NY, USA},
	keywords = {NaN, denormalized number, exception, floating-point, floating-point standard, gradual underflow, guard digit, overflow, relative error, rounding error, rounding mode, ulp, underflow},
}
@article{ieee, 
	journal={IEEE Std 754-2008}, 
	title={IEEE Standard for Floating-Point Arithmetic}, 
	year={2008}, 
	pages={1-70}, 
	doi={10.1109/IEEESTD.2008.4610935}, 
}

@article{fourclass,
	author = {Chang, Chih-Chung and Lin, Chih-Jen},
	title = {LIBSVM: A Library for Support Vector Machines},
	journal = {ACM Trans. Intell. Syst. Technol.},
	year = {2011},
	pages = {27:1--27:27},
	doi = {10.1145/1961189.1961199},
	publisher = {ACM},
} 

@misc{UCI ,
	author = "Dheeru, Dua and Karra Taniskidou, Efi",
	year = "2017",
	title = "{UCI} Machine Learning Repository",
	url = "http://archive.ics.uci.edu/ml",
	institution = "University of California, Irvine, School of Information and Computer Sciences" }

@misc{fourclass ,
	author = "Tin Kam Ho and Eugene M. Kleinberg.",
	year = "1996",
	title = "Building projectable classifiers of arbitrary complexity. ",
	url = "http://archive.ics.uci.edu/ml",
	institution = "In Proceedings of the 13th International Conference on Pattern Recognition, pages 880-885, Vienna, Austria, August 1996." 
}

@Article{matplotlib,
	Author    = {Hunter, J. D.},
	Title     = {Matplotlib: A 2D graphics environment},
	Journal   = {Computing In Science \& Engineering},
	Volume    = {9},
	Number    = {3},
	Pages     = {90--95},
	abstract  = {Matplotlib is a 2D graphics package used for Python
	for application development, interactive scripting, and
	publication-quality image generation across user
	interfaces and operating systems.},
	publisher = {IEEE COMPUTER SOC},
	doi = {10.1109/MCSE.2007.55},
	year      = 2007
}

@article{auguita, 
	author={D. Anguita and A. Boni and S. Ridella}, 
	journal={IEEE Transactions on Neural Networks}, 
	title={A digital architecture for support vector machines: theory, algorithm, and FPGA implementation}, 
	year={2003}, 
	volume={14}, 
	number={5}, 
	pages={993-1009}, 
	doi={10.1109/TNN.2003.816033}, 
	ISSN={1045-9227}, 
	month={Sept},
}

@article{SVM,
	title = "Effects of Reduced Precision on Floating-Point SVM Classification Accuracy",
	journal = "Procedia Computer Science",
	volume = "4",
	pages = "508 - 517",
	year = "2011",
	note = "Proceedings of the International Conference on Computational Science, ICCS 2011",
	issn = "1877-0509",
	doi = "https://doi.org/10.1016/j.procs.2011.04.053",
	url = "http://www.sciencedirect.com/science/article/pii/S1877050911001116",
	author = "Bernd Lesser and Manfred MÃ¼cke and Wilfried N. Gansterer",
	keywords = "SVM, machine learning, reduced precision floating-point arithmetic, perturbation analysis, quantization effects"
}

@article{cortes,
	author = {Cortes, Corinna and Vapnik, Vladimir},
	title = {Support-Vector Networks},
	journal = {Mach. Learn.},
	issue_date = {Sept. 1995},
	volume = {20},
	number = {3},
	month = sep,
	year = {1995},
	issn = {0885-6125},
	pages = {273--297},
	numpages = {25},
	url = {https://doi.org/10.1023/A:1022627411411},
	doi = {10.1023/A:1022627411411},
	acmid = {218929},
	publisher = {Kluwer Academic Publishers},
	address = {Hingham, MA, USA},
	keywords = {efficient learning algorithms, neural networks, pattern recognition, polynomial classifiers, radial basis function classifiers},
}
@book{vapnik,
	author = {Vapnik, Vladimir N.},
	title = {The Nature of Statistical Learning Theory},
	year = {1995},
	isbn = {0-387-94559-8},
	publisher = {Springer-Verlag New York, Inc.},
	address = {New York, NY, USA},
} 
